@manual{ap407,
title = {Versuchsanleitung zu Versuch Nr. 407 Fresnelsche Formeln},
year = 2023,
organization = {Fakult√§t Physik, TU Dortmund},
}
